%% This BibTeX bibliography file was created using BibDesk.
%% http://bibdesk.sourceforge.net/


%% Created for Lauro Cesar Araujo at 2015-04-27 19:43:45 -0300 


%% Saved with string encoding Unicode (UTF-8) 


@book{gonzalez2008digital,
title={Digital Image Processing},
author={Gonzalez, Rafael C and Woods, Richard E},
year={2008},
publisher={Pearson Prentice Hall},
address={Upper Saddle River, NJ}
}

@online{opengl_interpolation,
title = {OpenGL Interpolation},
author = {{The Khronos Group}},
organization = {Khronos Group},
year = {2015},
url = {https://www.khronos.org/opengl/wiki/Interpolation}
}
@article{blinn_phong,
  title={Phong reflectance model},
  author={Tan, Ping},
  journal={Computer Vision: A Reference Guide},
  pages={1--3},
  year={2020},
  publisher={Springer}
}
  @article{laws_of_refletion,
  title={The generalized laws of refraction and reflection},
  author={Zeyu, Zhao and Mingbo, Pu and Yanqin, Wang and Xiangang, Luo},
  journal={Opto-Electronic Engineering},
  volume={44},
  number={2},
  pages={129--139},
  year={2017},
  publisher={Opto-Electronic Engineering}
}
  @manual{opengl_spec,
  title        = {{OpenGL} 4.6 Core Specification},
  author       = {{OpenGL Architecture Review Board}},
  organization = {Khronos Group},
  year         = {2017},
  note         = {https://www.khronos.org/registry/OpenGL/index\_gl.php},
}

  @inproceedings{pratt,
  title={Top down operator precedence},
  author={Pratt, Vaughan R},
  booktitle={Proceedings of the 1st annual ACM SIGACT-SIGPLAN symposium on Principles of programming languages},
  pages={41--51},
  year={1973}
}

  @inproceedings{automata,
  title={Mathematical theory of automata},
  author={Rabin, Michael O},
  booktitle={Proc. Sympos. Appl. Math},
  volume={19},
  pages={153--175},
  year={1967}
}

@article{language_theory,
  title={Formal language theory: refining the Chomsky hierarchy},
  author={J{\"a}ger, Gerhard and Rogers, James},
  journal={Philosophical Transactions of the Royal Society B: Biological Sciences},
  volume={367},
  number={1598},
  pages={1956--1970},
  year={2012},
  publisher={The Royal Society}
}
 @article{genbrdf,
  title={genBRDF: Discovering new analytic BRDFs with genetic programming},
  author={Brady, Adam and Lawrence, Jason and Peers, Pieter and Weimer, Westley},
  journal={ACM Transactions on Graphics (TOG)},
  volume={33},
  number={4},
  pages={1--11},
  year={2014},
  publisher={ACM New York, NY, USA}
}
  @article{slang,
  title={Slang: language mechanisms for extensible real-time shading systems},
  author={He, Yong and Fatahalian, Kayvon and Foley, Tim},
  journal={ACM Transactions on Graphics (TOG)},
  volume={37},
  number={4},
  pages={1--13},
  year={2018},
  publisher={ACM New York, NY, USA}
}

  @INPROCEEDINGS{tree_decomposition,
  author={Geng, Chen and Yu, Hong-Xing and Zhang, Sharon and Agrawala, Maneesh and Wu, Jiajun},
  booktitle={2023 IEEE/CVF International Conference on Computer Vision (ICCV)}, 
  title={Tree-Structured Shading Decomposition}, 
  year={2023},
  volume={},
  number={},
  pages={488-498},
  keywords={Reflectivity;Computer vision;Pipelines;Estimation;Predictive models;Inference algorithms;Surface treatment},
  doi={10.1109/ICCV51070.2023.00051}}

@online{video_radiometry,
  title={Lecture 15: Radiometry (CMU 15-462/662)},
  author={Keenan, Crane},
  url={https://youtu.be/5lGYm8L_rfo?si=_yEQBgSutc1Pp9zG}
}

@online{video_pipeline,
  title={Intro to Graphics 07 - GPU Pipeline},
  author={Cem, Yuksel},
  url={https://youtu.be/UzlnprHSbUw?si=Y0a0Tj7ia-lW_eGC},
  year={2020}
}

@online{disney-site,
  title={Disney releases BRDF Explorer},
  author={Thacker, Jim},
  url={https://www.cgchannel.com/2012/08/disney-releases-brdf-explorer/},
  year={2012}
}

@online{pervertex_perfrag,
  title={Criando um jogo em JavaScript},
  author={DavisonPro},
  url={https://bulldogjob.pl/readme/tworzenie-gry-w-javascript},
  year={2024}
}
  
  
  @inproceedings{configurable,
  title={A real-time configurable shader based on lookup tables},
  author={Ohbuchi, Eisaku and Unno, Hiroshi},
  booktitle={First International Symposium on Cyber Worlds, 2002. Proceedings.},
  pages={507--514},
  year={2002},
  organization={IEEE}
}
  
  

@inproceedings{rendering_equation,
  title={The rendering equation},
  author={Kajiya, James T},
  booktitle={Proceedings of the 13th annual conference on Computer graphics and interactive techniques},
  pages={143--150},
  year={1986}
}

@article{overview_brdf,
  title={An overview of \text{BRDF} models},
  author={Montes, Rosana and Ure{\~n}a, Carlos},
  journal={University of Grenada, Technical Report LSI-2012-001},
  year={2012}
}

@inproceedings{radiance_definition,
  title={The RADIANCE lighting simulation and rendering system},
  author={Ward, Gregory J},
  booktitle={Proceedings of the 21st annual conference on Computer graphics and interactive techniques},
  pages={459--472},
  year={1994}
}

@book{radiometry_introduction,
  title={Introduction to radiometry},
  author={Wolfe, William L},
  volume={29},
  year={1998},
  publisher={Spie press}
}

@misc{rendering_judice,
  title={Rendering Equation.},
  author={Judice, Sicilia Ferreira and Giraldi, Gilson A and Karam-Filho, Jos{\'e}},
  year={2019}
}


@book{weyrich,
  author={Weyrich, Tim and Lawrence, Jason and Lensch, Hendrik P. A. and Rusinkiewicz, Szymon and Zickler, Todd},
  booktitle={Principles of Appearance Acquisition and Representation},
  volume={},
  number={},
  pages={},
  year={2009},
  keywords={Computer Graphics},
}


@book{pbr,
    title = {Physically Based Rendering: From Theory to Implementation (3rd ed.)},
    author = {Matt Pharr and Wenzel Jakob and Greg Humphreys},
    isbn = {9780128006450},
    pages = {1266},
    year = {2016},
    month = nov,
    edition = {3rd},
    publisher = {Morgan Kaufmann Publishers Inc.},
    address = {San Francisco, CA, USA}
}

  @article{black_body_radiation,
  title={Calculation of the radiation characteristics of blackbody radiation sources},
  author={Prokhorov, Alexander V and Hanssen, Leonard M and Mekhontsev, Sergey N},
  journal={Experimental Methods in the Physical Sciences},
  volume={42},
  pages={181--240},
  year={2009},
  publisher={Elsevier}
}

@article{radiometry_color,
  title={Monte Carlo ray tracing in optical canopy reflectance modelling},
  author={Disney, MI and Lewis, P and North, PRJ},
  journal={Remote Sensing Reviews},
  volume={18},
  number={2-4},
  pages={163--196},
  year={2000},
  publisher={Taylor \& Francis}
}

@article{realistic_images,
  title={Principles of appearance acquisition and representation},
  author={Weyrich, Tim and Lawrence, Jason and Lensch, Hendrik PA and Rusinkiewicz, Szymon and Zickler, Todd and others},
  journal={Foundations and Trends{\textregistered} in Computer Graphics and Vision},
  volume={4},
  number={2},
  pages={75--191},
  year={2009},
  publisher={Now Publishers, Inc.}
}

%%%%%%%%%%%%%%%%%%%%%%%%%%%%%%%%%%%%%%%%%%%%%%%%%%%%%%%%%%%%%%%%%%%%%%%%%%%%%%%%%%%%
  %% This BibTeX bibliography file was created using BibDesk.
%% http://bibdesk.sourceforge.net/


%% Created for Lauro Cesar Araujo at 2015-04-27 19:43:45 -0300 


%% Saved with string encoding Unicode (UTF-8) 



@book{ibge1993,
	Address = {Rio de Janeiro},
	Author = {IBGE},
	Date-Added = {2013-08-21 13:56:10 +0000},
	Date-Modified = {2013-08-21 13:56:10 +0000},
	Edition = {3},
	Organization = {http://biblioteca.ibge.gov.br/visualizacao/livros/liv23907.pdf},
	Publisher = {Centro de Documenta{\c c}{\~a}o e Dissemina{\c c}{\~a}o de Informa{\c c}{\~o}es. Funda{\c c}{\~a}o Intituto Brasileiro de Geografia e Estat{\'\i}stica},
	Title = {Normas de apresenta{\c c}{\~a}o tabular},
	Urlaccessdate = {21 ago 2013},
	Year = {1993}}

@misc{abntex2-wiki-como-customizar,
	Author = {Lauro C{\'e}sar Araujo},
	Date-Added = {2013-03-23 21:39:21 +0000},
	Date-Modified = {2015-04-27 22:43:06 +0000},
	Howpublished = {Wiki do abnTeX2},
	Keywords = {wiki},
	Title = {Como customizar o abnTeX2},
	Url = {https://github.com/abntex/abntex2/wiki/ComoCustomizar},
	Urlaccessdate = {27 abr 2015},
	Year = {2015},
	Bdsk-Url-1 = {https://github.com/abntex/abntex2/wiki/ComoCustomizar}}

@manual{talbot2012,
	Author = {Nicola L.C. Talbot},
	Date-Added = {2013-03-11 12:06:04 +0000},
	Date-Modified = {2013-03-11 12:06:56 +0000},
	Month = {Nov.},
	Title = {User Manual for glossaries.sty},
	Url = {http://mirrors.ctan.org/macros/latex/contrib/glossaries/glossaries-user.pdf},
	Urlaccessdate = {11 mar. 2013},
	Year = {2012},
	Bdsk-Url-1 = {http://mirrors.ctan.org/macros/latex/contrib/glossaries/glossaries-user.pdf}}

@manual{babel,
	Author = {Johannes Braams},
	Date-Added = {2013-02-17 13:37:14 +0000},
	Date-Modified = {2013-02-17 13:38:38 +0000},
	Month = {Apr.},
	Title = {Babel, a multilingual package for use with LATEX's standard document classes},
	Url = {http://mirrors.ctan.org/info/babel/babel.pdf},
	Urlaccessdate = {17 fev. 2013},
	Year = {2008},
	Bdsk-Url-1 = {http://mirrors.ctan.org/info/babel/babel.pdf}}

@manual{abntex2modelo-artigo,
	Annote = {Este documento {\'e} derivado do \cite{abnt-bibtex-doc}},
	Author = {Lauro C{\'e}sar Araujo},
	Date-Added = {2013-01-15 00:10:35 +0000},
	Date-Modified = {2015-04-27 22:43:13 +0000},
	Organization = {Equipe abnTeX2},
	Title = {Modelo Can{\^o}nico de Artigo Cient{\'\i}fico com abnTeX2},
	Url = {http://www.abntex.net.br/},
	Year = {2015},
	Bdsk-Url-1 = {http://www.abntex.net.br/}}

@manual{abntex2modelo-relatorio,
	Annote = {Este documento {\'e} derivado do \cite{abnt-bibtex-doc}},
	Author = {Lauro C{\'e}sar Araujo},
	Date-Added = {2013-01-15 00:05:34 +0000},
	Date-Modified = {2015-04-27 22:43:18 +0000},
	Organization = {Equipe abnTeX2},
	Title = {Modelo Can{\^o}nico de Relat{\'o}rio T{\'e}cnico e/ou Cient{\'\i}fico com abnTeX2},
	Url = {http://www.abntex.net.br/},
	Year = {2015},
	Bdsk-Url-1 = {http://www.abntex.net.br/}}

@manual{abntex2modelo,
	Annote = {Este documento {\'e} derivado do \cite{abnt-bibtex-doc}},
	Author = {Lauro C{\'e}sar Araujo},
	Date-Added = {2013-01-12 22:55:32 +0000},
	Date-Modified = {2015-04-27 22:43:32 +0000},
	Organization = {Equipe abnTeX2},
	Title = {Modelo Can{\^o}nico de Trabalho Acad{\^e}mico com abnTeX2},
	Url = {http://www.abntex.net.br/},
	Year = {2015},
	Bdsk-Url-1 = {http://www.abntex.net.br/}}

@mastersthesis{araujo2012,
	Address = {Bras{\'\i}lia},
	Author = {Lauro C{\'e}sar Araujo},
	Date-Added = {2013-01-09 11:04:42 +0000},
	Date-Modified = {2013-01-09 11:04:42 +0000},
	Month = {mar.},
	School = {Universidade de Bras{\'\i}lia},
	Subtitle = {uma perspectiva de {A}rquitetura da {I}nforma{\c c}{\~a}o da {E}scola de {B}ras{\'\i}lia},
	Title = {Configura{\c c}{\~a}o},
	Year = {2012}}

@manual{memoir,
	Address = {Normandy Park, WA},
	Author = {Peter Wilson and Lars Madsen},
	Date-Added = {2013-01-09 10:37:50 +0000},
	Date-Modified = {2013-03-21 13:23:25 +0000},
	Organization = {The Herries Press},
	Title = {The Memoir Class for Configurable Typesetting - User Guide},
	Url = {http://mirrors.ctan.org/macros/latex/contrib/memoir/memman.pdf},
	Urlaccessdate = {19 dez. 2012},
	Year = {2010},
	Bdsk-Url-1 = {http://ctan.tche.br/macros/latex/contrib/memoir/memman.pdf}}

@manual{abntex2cite-alf,
	Annote = {Este documento {\'e} derivado do \cite{abnt-bibtex-alf-doc}},
	Author = {Lauro C{\'e}sar Araujo},
	Date-Added = {2013-01-09 10:37:45 +0000},
	Date-Modified = {2015-04-27 22:43:44 +0000},
	Organization = {Equipe abnTeX2},
	Title = {O pacote abntex2cite: t{\'o}picos espec{\'\i}ficos da ABNT NBR 10520:2002 e o estilo bibliogr{\'a}fico alfab{\'e}tico (sistema autor-data)},
	Url = {http://www.abntex.net.br/},
	Year = {2015},
	Bdsk-Url-1 = {http://www.abntex.net.br/}}

@manual{abntex2cite,
	Annote = {Este documento {\'e} derivado do \cite{abnt-bibtex-doc}},
	Author = {Lauro C{\'e}sar Araujo},
	Date-Added = {2013-01-09 10:37:45 +0000},
	Date-Modified = {2015-04-27 22:43:38 +0000},
	Organization = {Equipe abnTeX2},
	Title = {O pacote abntex2cite: Estilos bibliogr{\'a}ficos compat{\'\i}veis com a ABNT NBR 6023},
	Url = {http://www.abntex.net.br/},
	Year = {2015},
	Bdsk-Url-1 = {http://www.abntex.net.br/}}

@manual{abntex2classe,
	Author = {Lauro C{\'e}sar Araujo},
	Date-Added = {2013-01-09 10:37:38 +0000},
	Date-Modified = {2015-04-27 22:42:47 +0000},
	Organization = {Equipe abnTeX2},
	Title = {A classe abntex2: Modelo can{\^o}nico de trabalhos acad{\^e}micos brasileiros compat{\'\i}vel com as normas ABNT NBR 14724:2011, ABNT NBR 6024:2012 e outras},
	Url = {http://www.abntex.net.br/},
	Year = {2015},
	Bdsk-Url-1 = {http://www.abntex.net.br/}}

@manual{NBR10520:2002,
	Address = {Rio de Janeiro},
	Date-Added = {2012-12-15 21:43:38 +0000},
	Date-Modified = {2013-01-12 22:17:20 +0000},
	Month = {ago.},
	Org-Short = {ABNT},
	Organization = {Associa{\c c}\~ao Brasileira de Normas T\'ecnicas},
	Pages = 7,
	Subtitle = {Informa{\c c}\~ao e documenta{\c c}\~ao --- Apresenta{\c c}\~ao de cita{\c c}\~oes em documentos},
	Title = {{NBR} 10520},
	Year = 2002}

@manual{NBR6024:2012,
	Address = {Rio de Janeiro},
	Date-Added = {2012-12-15 21:24:06 +0000},
	Date-Modified = {2012-12-15 21:24:28 +0000},
	Month = {fev.},
	Org-Short = {ABNT},
	Organization = {Associa{\c c}\~ao Brasileira de Normas T\'ecnicas},
	Pages = 4,
	Subtitle = {Numera{\c c}\~ao progressiva das se{\c c}\~oes de um documento},
	Title = {{NBR} 6024},
	Year = 2012}

@manual{NBR6028:2003,
	Address = {Rio de Janeiro},
	Date-Added = {2012-12-15 21:02:12 +0000},
	Date-Modified = {2012-12-15 21:02:50 +0000},
	Month = {nov.},
	Org-Short = {ABNT},
	Organization = {Associa{\c c}\~ao Brasileira de Normas T\'ecnicas},
	Pages = 2,
	Subtitle = {Resumo - Apresenta{\c c}{\~a}o},
	Title = {{NBR} 6028},
	Year = 2003}

@manual{NBR14724:2001,
	Address = {Rio de Janeiro},
	Date-Added = {2012-12-15 20:34:08 +0000},
	Date-Modified = {2012-12-15 20:34:08 +0000},
	Month = {jul.},
	Org-Short = {ABNT},
	Organization = {Associa{\c c}\~ao Brasileira de Normas T\'ecnicas},
	Pages = 6,
	Subtitle = {Informa{\c c}\~ao e documenta{\c c}\~ao --- trabalhos acad\^emicos --- apresenta{\c c}\~ao},
	Title = {{NBR} 14724},
	Year = 2001}

@manual{NBR14724:2002,
	Address = {Rio de Janeiro},
	Date-Added = {2012-12-15 20:34:17 +0000},
	Date-Modified = {2012-12-15 20:34:17 +0000},
	Month = {ago.},
	Org-Short = {ABNT},
	Organization = {Associa{\c c}\~ao Brasileira de Normas T\'ecnicas},
	Pages = 6,
	Subtitle = {Informa{\c c}\~ao e documenta{\c c}\~ao --- trabalhos acad\^emicos --- apresenta{\c c}\~ao},
	Title = {{NBR} 14724},
	Year = 2002}

@manual{NBR14724:2005,
	Address = {Rio de Janeiro},
	Date-Added = {2012-12-15 20:34:08 +0000},
	Date-Modified = {2012-12-15 20:35:25 +0000},
	Month = {dez.},
	Org-Short = {ABNT},
	Organization = {Associa{\c c}\~ao Brasileira de Normas T\'ecnicas},
	Pages = 9,
	Subtitle = {Informa{\c c}\~ao e documenta{\c c}\~ao --- trabalhos acad\^emicos --- apresenta{\c c}\~ao},
	Title = {{NBR} 14724},
	Year = 2005}

@manual{NBR14724:2011,
	Address = {Rio de Janeiro},
	Date-Added = {2012-12-15 20:34:08 +0000},
	Date-Modified = {2012-12-15 20:35:25 +0000},
	Month = {mar.},
	Note = {Substitui a Ref.~\citeonline{NBR14724:2005}},
	Org-Short = {ABNT},
	Organization = {Associa{\c c}\~ao Brasileira de Normas T\'ecnicas},
	Pages = 15,
	Subtitle = {Informa{\c c}\~ao e documenta{\c c}\~ao --- trabalhos acad\^emicos --- apresenta{\c c}\~ao},
	Title = {{NBR} 14724},
	Year = 2011}

@article{van86,
	Author = {{van}, Gigch, John P. and Leo L. Pipino},
	Journal = {Future Computing Systems},
	Number = {1},
	Pages = {71-97},
	Title = {In search for a paradigm for the discipline of information systems},
	Volume = {1},
	Year = {1986}}

@phdthesis{guizzardi2005,
	Address = {Enschede, The Netherlands},
	Author = {Giancarlo Guizzardi},
	Date-Added = {2012-04-23 11:35:28 +0000},
	Date-Modified = {2012-04-23 11:35:28 +0000},
	School = {Centre for Telematics and Information Technology, University of Twente},
	Title = {Ontological Foundations for Structural Conceptual Models},
	Url = {http://www.loa.istc.cnr.it/Guizzardi/SELMAS-CR.pdf},
	Urlaccessdate = {3 jul. 2011},
	Year = {2005},
	Bdsk-Url-1 = {http://www.loa.istc.cnr.it/Guizzardi/SELMAS-CR.pdf}}

@mastersthesis{macedo2005,
	Author = {Fl{\'a}via L. Macedo},
	Date-Added = {2012-04-23 11:35:13 +0000},
	Date-Modified = {2012-04-23 11:35:13 +0000},
	Keywords = {arquitetura da informa{\c c}{\~a}o},
	School = {Universidade de Bras{\'\i}lia},
	Title = {Arquitetura da Informa{\c c}{\~a}o: aspectos espistemol{\'o}gicos, cient{\'\i}ficos e pr{\'a}ticos.},
	Type = {Disserta{\c c}{\~a}o de Mestrado},
	Year = {2005}}

@manual{EIA649B,
	Address = {EUA},
	Date-Added = {2012-04-23 11:34:59 +0000},
	Date-Modified = {2012-04-23 11:34:59 +0000},
	Keywords = {norma},
	Month = {June},
	Organization = {TechAmerica},
	Title = {ANSI/EIA 649-B: Configuration Management Standard},
	Year = {2011}}

@inproceedings{masolo2010,
	Author = {Claudio Masolo},
	Booktitle = {Proceedings of the Twelfth International Conference on the Principles of Knowledge Representation and Reasoning (KR 2010)},
	Date-Added = {2012-04-23 11:34:38 +0000},
	Date-Modified = {2012-04-23 11:34:38 +0000},
	Editor = {Lin, F. and Sattler, U.},
	Pages = {258-268},
	Publisher = {AAAI Press},
	Title = {Understanding Ontological Levels},
	Url = {http://wiki.loa-cnr.it/Papers/kr10v0.7.pdf},
	Urlaccessdate = {2 jan. 2012},
	Year = {2010},
	Bdsk-Url-1 = {http://wiki.loa-cnr.it/Papers/kr10v0.7.pdf}}

@inbook{guarino1995,
	Address = {Vienna},
	Author = {Nicola Guarino},
	Booktitle = {Philosophy and the Cognitive Science},
	Date-Added = {2012-04-23 11:34:29 +0000},
	Date-Modified = {2012-04-23 11:34:29 +0000},
	Editor = {R. Casati and B. Smith and G. White},
	Month = {Sept.},
	Pages = {443-456},
	Publisher = {Holder-Pivhler-Tempsky},
	Title = {The Ontological Level},
	Url = {http://wiki.loa-cnr.it/Papers/OntLev.pdf},
	Urlaccessdate = {2 jan. 2012},
	Year = {1995},
	Bdsk-Url-1 = {http://wiki.loa-cnr.it/Papers/OntLev.pdf}}

@incollection{bates2010,
	Address = {New York},
	Author = {Marcia J. Bates},
	Booktitle = {Encyclopedia of Library and Information Sciences},
	Date-Added = {2012-04-23 11:34:29 +0000},
	Date-Modified = {2012-04-23 11:34:29 +0000},
	Edition = {3rd},
	Editor = {Marcia J. Bates and Mary Niles Maack},
	Pages = {2347-2360},
	Publisher = {CRC Press},
	Title = {Information},
	Url = {http://pages.gseis.ucla.edu/faculty/bates/articles/information.html},
	Urlaccessdate = {24 out. 2011},
	Volume = {3},
	Year = {2010},
	Bdsk-Url-1 = {http://pages.gseis.ucla.edu/faculty/bates/articles/information.html}}

@book{doxiadis1965,
	Author = {Constantinos A. Doxiadis},
	Date-Added = {2012-04-23 11:34:20 +0000},
	Date-Modified = {2012-04-23 11:34:20 +0000},
	Publisher = {Ceira - Coimbra},
	Title = {Arquitetura em Transi{\c c}{\~a}o},
	Year = {1965}}

@book{dewey1980,
	Address = {New York, NY, USA},
	Author = {John Dewey},
	Date-Added = {2012-04-23 11:34:16 +0000},
	Date-Modified = {2012-04-23 11:34:16 +0000},
	Publisher = {Perigee Books},
	Title = {Art as Experience},
	Year = {1980}}
